<?xml version="1.0" encoding="UTF-8"?><collection xmlns="http://www.loc.gov/MARC21/slim"><record><leader>00395nam--2200145-i-4500</leader><controlfield tag="001">000030550</controlfield><controlfield tag="002">20161230</controlfield><controlfield tag="005">20170111003138</controlfield><controlfield tag="008">060222s1000------------r-----000-0-eng-d</controlfield><datafield ind1=" " ind2=" " tag="080"><subfield code="a">061.62:539(430.1)(083)</subfield></datafield><datafield ind1=" " ind2=" " tag="245"><subfield code="a">Liste der HMI-Berichte. 1958-1984</subfield></datafield><datafield ind1=" " ind2=" " tag="260"><subfield code="a">Berlin</subfield><subfield code="b">Hahn-Meitner-Institut Fur Kernoforschung</subfield><subfield code="c">1984</subfield></datafield><datafield ind1=" " ind2=" " tag="300"><subfield code="a">51 p.+a16</subfield></datafield><datafield ind1=" " ind2=" " tag="852"><subfield code="a">D1429</subfield></datafield><datafield ind1=" " ind2=" " tag="CAT"><subfield code="a">SYS</subfield><subfield code="c">20170111</subfield><subfield code="h">003138</subfield></datafield></record></collection>